@article{eriksson:arts2:11,
  author    = {P. Eriksson and S. A. Buehler and C. P. Davis and C. Emde and
               O. Lemke},
  title     = {{ARTS}, The atmospheric radiative transfer simulator, 
               Version 2},
  journal   = JQSRT,
  year      = {2011},
  volume    = {112},
  pages     = {1551--1558},
  doi       = {10.1016/j.jqsrt.2011.03.001},
  copyright = {Elsevier},
}

@article{buehler:artst:18,
	AUTHOR = {S. A. Buehler and J. Mendrok and P. Eriksson and A. Perrin and
		R. Larsson and O. Lemke},
	TITLE = {{ARTS, the Atmospheric Radiative Transfer Simulator} -- version 2.2,
		the planetary toolbox edition},
	JOURNAL = GMD,
	VOLUME = {11},
	YEAR = {2018},
	NUMBER = {4},
	PAGES = {1537--1556},
	DOI = {10.5194/gmd-11-1537-2018},
}

@article{saunders2018update,
	title={{An update on the RTTOV fast radiative transfer model (currently at version 12)}},
	author={Saunders, Roger and Hocking, James and Turner, Emma and Rayer, Peter and Rundle, David and Brunel, Pascal and Vidot, Jerome and Roquet, Pascale and Matricardi, Marco and Geer, Alan and others},
	journal=GMD,
	volume={11},
	number={7},
	year={2018}
}

@article{ellison2007permittivity,
	title={Permittivity of pure water, at standard atmospheric pressure, over the frequency range 0--25 THz and the temperature range 0--100 C},
	author={Ellison, WJ},
	journal={Journal of physical and chemical reference data},
	volume={36},
	number={1},
	pages={1--18},
	year={2007},
	publisher={American Institute of Physics for the National Institute of Standards and~â€¦}
}
@Article{amt-12-2819-2019,
	AUTHOR = {Cazenave, Q. and Ceccaldi, M. and Delano\"e, J. and Pelon, J. and Gro{\ss}, S. and Heymsfield, A.},
	TITLE = {{Evolution of DARDAR-CLOUD ice cloud retrievals: New parameters and impacts on the retrieved microphysical properties}},
	JOURNAL = AMT,
	VOLUME = {12},
	YEAR = {2019},
	NUMBER = {5},
	PAGES = {2819--2835},
	DOI = {10.5194/amt-12-2819-2019}
}

@article{delanoe2014normalized,
	title={Normalized particle size distribution for remote sensing application},
	author={Delano{\"e}, JME and Heymsfield, Andrew J and Protat, Alain and Bansemer, Aaron and Hogan, RJ},
	journal=JGR,
	volume={119},
	number={7},
	pages={4204--4227},
	year={2014},
	publisher={Wiley Online Library}
}


@article{eriksson:agene:18,
	AUTHOR = {P. Eriksson and R. Ekelund and J. Mendrok and M. Brath and
		O. Lemke and S. A. Buehler},
	TITLE = {A general database of hydrometeor single scattering properties at
		microwave and sub-millimetre wavelengths},
	JOURNAL = ESSD,
	VOLUME = {10},
	YEAR = {2018},
	NUMBER = {3},
	PAGES = {1301--1326},
	DOI = {10.5194/essd-10-1301-2018},
}
@article{aires2011tool,
	title={{A Tool to Estimate Land-Surface Emissivities at Microwave frequencies (TELSEM) for use in numerical weather prediction}},
	author={Aires, Filipe and Prigent, Catherine and Bernardo, Fr{\'e}d{\'e}ric and Jim{\'e}nez, Carlos and Saunders, Roger and Brunel, Pascal},
	journal=QJRMS,
	volume={137},
	number={656},
	pages={690--699},
	year={2011},
	publisher={Wiley Online Library}
}
@article{abel2012improved,
	title={An improved representation of the raindrop size distribution for single-moment microphysics schemes},
	author={Abel, SJ and Boutle, IA},
	journal=QJRMS,
	volume={138},
	number={669},
	pages={2151--2162},
	year={2012},
	publisher={Wiley Online Library}
}
@article{prigent2017sea,
	title={Sea-surface emissivity parametrization from microwaves to millimetre waves},
	author={Prigent, C and Aires, F and Wang, D and Fox, S and Harlow, C},
	journal=QJRMS,
	volume={143},
	number={702},
	pages={596--605},
	year={2017},
	publisher={Wiley Online Library}
}

@Article{evans1995microwavec,
	author =       {K. F. Evans and G. L. Stephens},
	title =        {Microwave radiative transfer through clouds composed
		of realistically shaped ice crystals. Part II:
		Remote sensing of ice clouds},
	journal =      JAS,
	year =         1995,
	month =        jun,
	volume =       52,
	pages =        {2058--2072},
	doi =          {10.1175/1520-0469(1995)052<2058:MRTTCC>2.0.CO;2},
}
@incollection{pwr:93,
	EDITOR    = {M.~A. Janssen},
	AUTHOR    = {P.~W. Rosenkranz},
	CHAPTER     = {Absorption of microwaves by atmospheric gases},
	BOOKTITLE = {Atmospheric remote sensing by microwave radiometry},
	PAGES     = {37-90},
	YEAR      = {1993},
	PUBLISHER = {John Wiley \& Sons, Inc.},
}
@report{eriksson-etal_AWS_2020,
	author = {P. Eriksson  and I. Kaur  and S. Pfreundschuh },
	title = {Study to support the definition of Arctic Weather \vspace{1mm}\\
	Satellite (AWS) high frequency channels},
	type = {Report}
	year = {2020}
}
