@article{aires2011tool,
  title={{A Tool to Estimate Land-Surface Emissivities at Microwave frequencies (TELSEM) for use in numerical weather prediction}},
  author={Aires, Filipe and Prigent, Catherine and Bernardo, Fr{\'e}d{\'e}ric and Jim{\'e}nez, Carlos and Saunders, Roger and Brunel, Pascal},
  journal=QJRMS,
  volume={137},
  number={656},
  pages={690--699},
  year={2011},
  publisher={Wiley Online Library}
}

@techreport{anderson1986afgl,
  title={{AFGL atmospheric constituent profiles (0.120 km)}},
  author={Anderson, Gail P and Clough, Shepard Anthony and Kneizys, FX and Chetwynd, James H and Shettle, Eric P},
  year={1986},
  institution={Air Force Geophysics Lab}
}


@article{buehler:aclou:07,
 AUTHOR   = {S. A. Buehler and M. Kuvatov and T. R. Sreerekha and 
             V. O. John and B. Rydberg and P. Eriksson and J. Notholt},
 TITLE    = {A cloud filtering method for microwave upper tropospheric humidity 
             measurements},
 JOURNAL  = ACP,
 VOLUME   = {7},
 NUMBER   = {21},
 PAGES    = {5531--5542},
 DOI      = {www.atmos-chem-phys.net/7/5531/2007/},
 YEAR     = {2007},
}

@article{buehler:obser:12,
  AUTHOR  = {S. A. Buehler and E. Defer and F. Evans and S. Eliasson and 
             J. Mendrok and P. Eriksson and C. Lee and C. Jim\'enez and 
             C. Prigent and S. Crewell and Y. Kasai and R. Bennartz and 
             A. J. Gasiewski},
  TITLE   = {Observing ice clouds in the submillimeter spectral range: the 
             {CloudIce} mission proposal for {ESA's Earth Explorer 8}},
  JOURNAL = AMT,
  VOLUME  = {5},
  YEAR    = {2012},
  NUMBER  = {7},
  PAGES   = {1529--1549},
  DOI     = {10.5194/amt-5-1529-2012},
}

@article{buehler:artst:18,
  AUTHOR = {S. A. Buehler and J. Mendrok and P. Eriksson and A. Perrin and
            R. Larsson and O. Lemke},
  TITLE = {{ARTS, the Atmospheric Radiative Transfer Simulator} -- version 2.2,
           the planetary toolbox edition},
  JOURNAL = GMD,
  VOLUME = {11},
  YEAR = {2018},
  NUMBER = {4},
  PAGES = {1537--1556},
  DOI = {10.5194/gmd-11-1537-2018},
}

@article{chambon2015investigating,
  title={{Investigating the impact of the water-vapour sounding observations
                  from SAPHIR on board Megha-Tropiques for the ARPEGE global
                  model}},
  author={Chambon, P. and Meunier, L.-F. and Guillaume, F. and Piriou, J.-M. and
                  Roca, R. and Mahfouf, J.-F.},
  journal=QJRMS,
  volume={141},
  number={690},
  pages={1769--1779},
  year={2015},
  publisher={Wiley Online Library}
}

@article{ekelund:using:20,
  AUTHOR = {R. Ekelund and P. Eriksson and S. Pfreundschuh},
  TITLE = {Using passive and active observations at microwave and
           sub-millimetre wavelengths to constrain ice particle models},
  JOURNAL = AMT,
  VOLUME = {13},
  YEAR = {2020},
  NUMBER = {2},
  PAGES = {501--520},
  DOI = {10.5194/amt-13-501-2020},
}

@article{ellison2007permittivity,
  title={Permittivity of pure water, at standard atmospheric pressure, over the frequency range 0--25 THz and the temperature range 0--100 C},
  author={Ellison, WJ},
  journal={Journal of physical and chemical reference data},
  volume={36},
  number={1},
  pages={1--18},
  year={2007},
  publisher={American Institute of Physics for the National Institute of Standards and~â€¦}
}

@article{eriksson:arts2:11,
  author    = {P. Eriksson and S. A. Buehler and C. P. Davis and C. Emde and
               O. Lemke},
  title     = {{ARTS}, the atmospheric radiative transfer simulator, 
               Version 2},
  journal   = JQSRT,
  year      = {2011},
  volume    = {112},
  pages     = {1551--1558},
  doi       = {10.1016/j.jqsrt.2011.03.001},
  copyright = {Elsevier},
}

@article{eriksson:towar:20,
  AUTHOR = {P. Eriksson and B. Rydberg and V. Mattioli and A. Thoss and
            C. Accadia and U. Klein and S. A. Buehler},
  TITLE = {Towards an operational Ice Cloud Imager (ICI) retrieval product},
  JOURNAL = AMT,
  VOLUME = 13,
  YEAR = 2020,
  NUMBER = 1,
  PAGES = {53--71},
  DOI = {10.5194/amt-13-53-2020},
}

@Article{evans1995microwavec,
  author =       {K. F. Evans and G. L. Stephens},
  title =        {Microwave radiative transfer through clouds composed
                  of realistically shaped ice crystals. Part II:
                  Remote sensing of ice clouds},
  journal =      JAS,
  year =         1995,
  month =        jun,
  volume =       52,
  pages =        {2058--2072},
  doi =          {10.1175/1520-0469(1995)052<2058:MRTTCC>2.0.CO;2},
}

@Article{liebe:89,
  author  = {Hans~J. Liebe},
  title   = {{MPM} -- an atmospheric millimeter--wave propagation model},
  journal = IJIMW,
  year    = {1989},
  volume  = {10},
  number  = {6},
  pages   = {631-650}
}

@article{prigent2017sea,
  title={Sea-surface emissivity parametrization from microwaves to millimetre waves},
  author={Prigent, C and Aires, F and Wang, D and Fox, S and Harlow, C},
  journal=QJRMS,
  volume={143},
  number={702},
  pages={596--605},
  year={2017},
  publisher={Wiley Online Library}
}

@INCOLLECTION{pwr:93,
EDITOR    = {M.~A. Janssen},
AUTHOR    = {P.~W. Rosenkranz},
TITLE     = {Absorption of microwaves by atmospheric gases},
BOOKTITLE = {Atmospheric remote sensing by microwave radiometry},
PAGES     = {37-90},
YEAR      = {1993},
PUBLISHER = {John Wiley \& Sons, Inc.},
}

@article{saunders2018update,
  title={{An update on the RTTOV fast radiative transfer model (currently at version 12)}},
  author={Saunders, Roger and Hocking, James and Turner, Emma and Rayer, Peter and Rundle, David and Brunel, Pascal and Vidot, Jerome and Roquet, Pascale and Matricardi, Marco and Geer, Alan and others},
  journal=GMD,
  volume={11},
  number={7},
  year={2018}
}

@techreport{rekha2012potential,
  title={{The potential of Microwave Sounder 229 GHz channel, final report}},
  author={T.R. Sreerekha and A.M. Doherty and S.J. English and P.J. Rayer},
  year=2008,
  institution={Met Office},
  number = {EUMETSAT Contract EUM/CO/07/4600000409/CJA}
}

@article{turner2019amsutran,
  title={{AMSUTRAN: A microwave transmittance code for satellite remote sensing}},
  author={Turner, Emma and Rayer, Peter and Saunders, Roger},
  journal=JQSRT,
  volume={227},
  pages={117--129},
  year={2019},
  publisher={Elsevier}
}
