@article{buehler:aclou:07,
 AUTHOR   = {S. A. Buehler and M. Kuvatov and T. R. Sreerekha and 
             V. O. John and B. Rydberg and P. Eriksson and J. Notholt},
 TITLE    = {A cloud filtering method for microwave upper tropospheric humidity 
             measurements},
 JOURNAL  = ACP,
 VOLUME   = {7},
 NUMBER   = {21},
 PAGES    = {5531--5542},
 URL      = {www.atmos-chem-phys.net/7/5531/2007/},
 YEAR     = {2007},
}

@article{buehler:obser:12,
  AUTHOR  = {S. A. Buehler and E. Defer and F. Evans and S. Eliasson and 
             J. Mendrok and P. Eriksson and C. Lee and C. Jim\'enez and 
             C. Prigent and S. Crewell and Y. Kasai and R. Bennartz and 
             A. J. Gasiewski},
  TITLE   = {Observing ice clouds in the submillimeter spectral range: the 
             {CloudIce} mission proposal for {ESA's Earth Explorer 8}},
  JOURNAL = AMT,
  VOLUME  = {5},
  YEAR    = {2012},
  NUMBER  = {7},
  PAGES   = {1529--1549},
  DOI     = {10.5194/amt-5-1529-2012},
}

@article{chambon2015investigating,
  title={{Investigating the impact of the water-vapour sounding observations
                  from SAPHIR on board Megha-Tropiques for the ARPEGE global
                  model}},
  author={Chambon, P. and Meunier, L.-F. and Guillaume, F. and Piriou, J.-M. and
                  Roca, R. and Mahfouf, J.-F.},
  journal=QJRMS,
  volume={141},
  number={690},
  pages={1769--1779},
  year={2015},
  publisher={Wiley Online Library}
}

@article{ekelund:using:20,
  AUTHOR = {R. Ekelund and P. Eriksson and S. Pfreundschuh},
  TITLE = {Using passive and active observations at microwave and
           sub-millimetre wavelengths to constrain ice particle models},
  JOURNAL = AMT,
  VOLUME = {13},
  YEAR = {2020},
  NUMBER = {2},
  PAGES = {501--520},
  DOI = {10.5194/amt-13-501-2020},
}

@article{eriksson:towar:20,
  AUTHOR = {P. Eriksson and B. Rydberg and V. Mattioli and A. Thoss and
            C. Accadia and U. Klein and S. A. Buehler},
  TITLE = {Towards an operational Ice Cloud Imager (ICI) retrieval product},
  JOURNAL = AMT,
  VOLUME = 13,
  YEAR = 2020,
  NUMBER = 1,
  PAGES = {53--71},
  DOI = {10.5194/amt-13-53-2020},
}

@techreport{rekha2012potential,
  title={{The potential of Microwave Sounder 229 GHz channel, final report}},
  author={T.R. Sreerekha and A.M. Doherty and S.J. English and P.J. Rayer},
  year=2008,
  institution={Met Office},
  number = {EUMETSAT Contract EUM/CO/07/4600000409/CJA}
}


