@article{pfreundschuh:aneur:18,
	AUTHOR = {S. Pfreundschuh and P. Eriksson and D. Duncan and B. Rydberg and
		N. H{\aa}kansson and A. Thoss},
	TITLE = {A neural network approach to estimating a posteriori distributions
		of Bayesian retrieval problems},
	JOURNAL = {Atmos. Meas. Tech.},
	VOLUME = {11},
	YEAR = {2018},
	NUMBER = {8},
	PAGES = {4627--4643},
	DOI = {10.5194/amt-11-4627-2018},
}
@article{Carminati-fy3d-2020,
	AUTHOR = {Carminati, F. and Atkinson, N. and Candy, B.},
	TITLE = {Insights into the Microwave Instruments Onboard the Feng-Yun 3D Satellite: Data Quality and Assimilation in the Met Office NWP System.},
	JOURNAL = {Adv. Atmos. Sci. },
	YEAR = {2020},
	DOI = {https://doi.org/10.1007/s00376-020-0010-1},
}
@techreport{geer2015scatteringindex,
	title = {All-sky assimilation of microwave humidity sounders},
	author = {Alan J. Geer and Fabrizio Baordo and Niels Bormann and S.J. English},
	number = {741},
	year = {2014},
	month = {11},
	institution = {ECMWF},
	doi = {10.21957/obosmx154},
	url = {https://www.ecmwf.int/node/9507},
	note = {last access: :29 October 2020}	
}	